Au cours de mon stage, je n'ai pas utilisé beaucoup de ressources pour rédiger le rapport. Certaines illustrations sont tirées de sites Web publics, d’autre du site interne de l’entreprise. La majorité des figures du rapport proviennent de mes travaux confidentiels, et de l'application OURAZ ainsi que la documentation associée.\\

\textbf{Ressources Web}

@misc{cite0,
    title = {Site interne SAFRAN},
   	howpublished = {\url{<https://insite.collab.group.safran/Pages/default.aspx/>}},
}

@misc{cite1,
	author = {Auteur : Marco Jakob },
    title = {Tutoriel apprentissage JAVA FX},
   	howpublished = {\url{<http://code.makery.ch/library/javafx-8-tutorial/fr/>}},
    year = Apr 19, 2014, Updated Apr 15, 2015,
    note = "[Online; accessed 10-Juin-2017]"
}

@misc{cite2,
	
    title = {Tutoriel Openclassrooms},
   	howpublished = {\url{<https://openclassrooms.com/>}},
    
}


